@BOOK{nuclearSafety,
  author = {Libmann J.},
  title = {Elements of Nuclear Safety},
  address = {Institut de protection et de sûreté nucléaire},
  publisher = {Ed. de physique},
  year = {1996},
  pages = {542},
  language = {english}
}

@MISC{sympaperRodriguez,
  title = {The Dismantling of the Vandellos I Nuclear Power
Plant},
  howpublished = {\url{https://www.webcitation.org/69W3z32jf?url=http://www.world-nuclear.org/sym/2004/pdf/rodriguez.pdf}},
  note = {Дата обращения: 2019-03-16}
}

@BOOK{nuclearRegulatory,
  author = {Libmann J.},
  title = {Elements of Nuclear Safety},
  address = {2 rue André-Pascal, 75775 PARIS CEDEX 16},
  publisher = {OECD PUBLICATIONS},
  year = {2006},
  pages = {50},
  language = {english}
}

@MISC{miraesAsko,
  title = {АЭС Аско Испания – АЭС рядом с Барселоной},
  howpublished = {\url{http://miraes.ru/aes-asko-ispaniya-aes-ryadom-s-barselonoy/}},
  note = {Дата обращения: 2019-03-16}
}

@MISC{aesAsko,
  title = {АЭС Аско},
  howpublished = {\url{https://www.seogan.ru/aes-asko.html}},
  note = {Дата обращения: 2019-03-16}
}